<record><leader>00000cas a22000007a 4500</leader><controlfield tag="001">11806456</controlfield><controlfield tag="008">850314d19611966utuwr ne      0    0eng d</controlfield><datafield ind1=" " ind2=" " tag="010"><subfield code="a">sn 85058054 </subfield></datafield><datafield ind1=" " ind2=" " tag="040"><subfield code="a">UNP</subfield><subfield code="b">eng</subfield><subfield code="c">UNP</subfield><subfield code="d">OCLCQ</subfield></datafield><datafield ind1=" " ind2=" " tag="042"><subfield code="a">msc</subfield></datafield><datafield ind1="0" ind2="4" tag="245"><subfield code="a">The Bingham bulletin of West Jordan.</subfield></datafield><datafield ind1=" " ind2=" " tag="260"><subfield code="a">West Jordan, Utah :</subfield><subfield code="b">J. Adamek,</subfield><subfield code="c">1961-1966.</subfield></datafield><datafield ind1=" " ind2=" " tag="300"><subfield code="a">6 v. :</subfield><subfield code="b">ill.</subfield></datafield><datafield ind1=" " ind2=" " tag="310"><subfield code="a">Weekly</subfield></datafield><datafield ind1="0" ind2=" " tag="362"><subfield code="a">Vol. 71, no. 7 (June 30, 1961)-v. 76, no. 30 (Dec. 2, 1966).</subfield></datafield><datafield ind1=" " ind2=" " tag="752"><subfield code="a">United States</subfield><subfield code="b">Utah</subfield><subfield code="c">Salt Lake</subfield><subfield code="d">West Jordan.</subfield></datafield><datafield ind1="0" ind2="0" tag="780"><subfield code="t">Bingham bulletin (Bingham Canyon, Utah : 1934)</subfield><subfield code="w">(DLC)sn 85058053</subfield><subfield code="w">(OCoLC)11806433</subfield></datafield></record>